# This .bib file is explicity for BIBLATEX use only
# this will crash bibtex due to the DOI underscores
# to fix that, please escape the underscores via '\'
@article{chin15,
	author = {Chin, Ji-Jian and Tan, Syh-Yuan and Heng, Swee-Huay and Phan, Raphael},
	year = {2015},
	month = {01},
	pages = {237514},
	title = {Twin-Schnorr: A Security Upgrade for the Schnorr Identity-Based Identification Scheme},
	volume = {2015},
	journal = {TheScientificWorldJournal},
	doi = {10.1155/2015/237514}
}

@InProceedings{mirl16,
	author="Kiltz, Eike and Masny, Daniel and Pan, Jiaxin",
	editor="Robshaw, Matthew and Katz, Jonathan",
	title="Optimal Security Proofs for Signatures from Identification Schemes",
	booktitle="Advances in Cryptology -- CRYPTO 2016",
	year="2016",
	publisher="Springer Berlin Heidelberg",
	address="Berlin, Heidelberg",
	pages="33--61",
	isbn="978-3-662-53008-5"
}

@inproceedings{sharma13,
	author = {Sharma, Sukhwinder},
	year = {2013},
	month = {12},
	pages = {},
	booktitle = "2013 International Conference on Machine Intelligence and Research Advancement (ICMIRA)",
	title = {Issues and Challenges in Wireless Sensor Networks},
	doi = {10.1109/ICMIRA.2013.18}
}

@ARTICLE{bigdata18,
	author={S. {Boubiche} and D. E. {Boubiche} and A. {Bilami} and H. {Toral-Cruz}},
	journal={IEEE Access},
	title={Big Data Challenges and Data Aggregation Strategies in Wireless Sensor Networks},
	year={2018},
	volume={6},
	number={},
	pages={20558-20571},
	doi={10.1109/ACCESS.2018.2821445},
	ISSN={2169-3536},
	month={},
}

@incollection{cerullo18,
	title = "Chapter 4 - IoT and Sensor Networks Security",
	editor = "Massimo Ficco and Francesco Palmieri",
	booktitle = "Security and Resilience in Intelligent Data-Centric Systems and Communication Networks",
	publisher = "Academic Press",
	pages = "77 - 101",
	year = "2018",
	series = "Intelligent Data-Centric Systems",
	isbn = "978-0-12-811373-8",
	doi = "https://doi.org/10.1016/B978-0-12-811373-8.00004-5",
	author = "Gianfranco Cerullo and Giovanni Mazzeo and Gaetano Papale and Bruno Ragucci and Luigi Sgaglione",
}

@InProceedings{ng18,
	author="Ng, Tiong-Sik
	and Tan, Syh-Yuan
	and Chin, Ji-Jian",
	editor="Hu, Jiankun
	and Khalil, Ibrahim
	and Tari, Zahir
	and Wen, Sheng",
	title="A Variant of BLS Signature Scheme withÂ Tight Security Reduction",
	booktitle="Mobile Networks and Management",
	year="2018",
	publisher="Springer International Publishing",
	address="Cham",
	pages="150--163",
	isbn="978-3-319-90775-8"
}


@Article{lacharite18,
	author="Lacharit{\'e}, Marie-Sarah",
	title="Security of BLS and BGLS signatures in a multi-user setting",
	journal="Cryptography and Communications",
	year="2018",
	month="01",
	day="01",
	volume="10",
	number="1",
	pages="41--58",
	issn="1936-2455",
	doi="10.1007/s12095-017-0253-6",
	url="https://doi.org/10.1007/s12095-017-0253-6"
}

@Article{chin15-beth,
	author={Chin, Ji-Jian
	and Tan, Syh-Yuan
	and Heng, Swee-Huay
	and Phan, Raphael C.-W.},
	title={Twin-Beth: Security under active and concurrent attacks for the beth identity-based identification scheme},
	journal={Cryptography and Communications},
	year={2015},
	month={Oct},
	day={01},
	volume={8},
	number={4},
	pages={579--591},
	issn={1936-2455},
	doi={10.1007/s12095-015-0162-5},
}

@inproceedings{chin08,
	author={Chin, Ji-Jian
	and Heng, Swee-Huay
	and Goi, Bok-Min},
	editor={Mj{\o}lsnes, Stig F.
	and Mauw, Sjouke
	and Katsikas, Sokratis K.},
	title={An Efficient and Provable Secure Identity-Based Identification Scheme in the Standard Model},
	booktitle={Public Key Infrastructure},
	year={2008},
	publisher={Springer Berlin Heidelberg},
	address={Berlin, Heidelberg},
	pages={60--73},
	isbn={978-3-540-69485-4}
}

@inproceedings{fujioka12,
	author    = {Atsushi Fujioka and
		Taiichi Saito and
		Keita Xagawa},
	title     = {Security Enhancements by OR-Proof in Identity-Based Identification},
	booktitle = {Applied Cryptography and Network Security - 10th International Conference,
	       {ACNS} 2012, Singapore, June 26-29, 2012. Proceedings},
	pages     = {135--152},
	year      = {2012},
	doi       = {10.1007/978-3-642-31284-7_9},
}


@InProceedings{tan11,
	author="Tan, Syh-Yuan
	and Heng, Swee-Huay
	and Phan, Raphael C. -W.
	and Goi, Bok-Min",
	editor="Kim, Tai-hoon
	and Adeli, Hojjat
	and Slezak, Dominik
	and Sandnes, Frode Eika
	and Song, Xiaofeng
	and Chung, Kyo-il
	and Arnett, Kirk P.",
	title="A Variant of Schnorr Identity-Based Identification Scheme with Tight Reduction",
	booktitle="Future Generation Information Technology",
	year="2011",
	publisher="Springer Berlin Heidelberg",
	address="Berlin, Heidelberg",
	pages="361--370",
	isbn="978-3-642-27142-7",
	doi="10.1007/978-3-642-27142-7_42"
}


@InProceedings{bp02,
	author={Bellare, Mihir and Palacio, Adriana},
	editor={Yung, Moti},
	title={GQ and Schnorr Identification Schemes: Proofs of Security against Impersonation under Active and Concurrent Attacks},
	booktitle={Advances in Cryptology --- CRYPTO 2002},
	year={2002},
	publisher={Springer Berlin Heidelberg},
	address={Berlin, Heidelberg},
	pages={162--177},
	isbn={978-3-540-45708-4}
}


@InProceedings{bnn04,
	author="Bellare, Mihir
	and Namprempre, Chanathip
	and Neven, Gregory",
	editor="Cachin, Christian
	and Camenisch, Jan L.",
	title="Security Proofs for Identity-Based Identification and Signature Schemes",
	booktitle="Advances in Cryptology - EUROCRYPT 2004",
	year="2004",
	publisher="Springer Berlin Heidelberg",
	address="Berlin, Heidelberg",
	pages="268--286",
	isbn="978-3-540-24676-3",
	doi="10.1007/978-3-540-24676-3_17"
}


@article{bls04,
	author={Boneh, Dan
	and Lynn, Ben
	and Shacham, Hovav},
	title={Short Signatures from the Weil Pairing},
	journal={Journal of Cryptology},
	year={2004},
	month={9},
	volume={17},
	number={4},
	pages={297--319},
	issn={1432-1378},
	doi={10.1007/s00145-004-0314-9},
	url={https://doi.org/10.1007/s00145-004-0314-9}
}

@InProceedings{bb04,
	author="Boneh, Dan
	and Boyen, Xavier",
	editor="Cachin, Christian
	and Camenisch, Jan L.",
	title="Short Signatures Without Random Oracles",
	booktitle="Advances in Cryptology - EUROCRYPT 2004",
	year="2004",
	publisher="Springer Berlin Heidelberg",
	address="Berlin, Heidelberg",
	pages="56--73",
	isbn="978-3-540-24676-3",
	doi="10.1007/978-3-540-24676-3_4"
}


@article{kw03,
	author = {Katz, Jonathan and Wang, Nan},
	year = {2003},
	month = {10},
	pages = {},
	title = {Efficiency Improvements for Signature Schemes with Tight Security Reductions},
	journal = {Proceedings of the ACM Conference on Computer and Communications Security},
	doi = {10.1145/948109.948132}
}

@book{nist16,
	title={Recommendation for Key Management, Part 1: General},
	institution={National Institute of Standards and Technology},
	author={Elaine, Barker},
	publisher={U.S. Department of Commerce},
	year={2016}
}

@inproceedings{kh04,
	author={Kurosawa, Kaoru
	and Heng, Swee-Huay},
	editor={Bao, Feng
	and Deng, Robert
	and Zhou, Jianying},
	title={From Digital Signature to ID-based Identification/Signature},
	booktitle={Public Key Cryptography -- PKC 2004},
	year={2004},
	publisher={Springer Berlin Heidelberg},
	address={Berlin, Heidelberg},
	pages={248--261},
	isbn={978-3-540-24632-9}
}

@InProceedings{kh05,
	author="Kurosawa, Kaoru
	and Heng, Swee-Huay",
	editor="Gervasi, Osvaldo
	and Gavrilova, Marina L.
	and Kumar, Vipin
	and Lagan{\`a}, Antonio
	and Lee, Heow Pueh
	and Mun, Youngsong
	and Taniar, David
	and Tan, Chih Jeng Kenneth",
	title="Identity-Based Identification Without Random Oracles",
	booktitle="Computational Science and Its Applications -- ICCSA 2005",
	year="2005",
	publisher="Springer Berlin Heidelberg",
	address="Berlin, Heidelberg",
	pages="603--613",
	isbn="978-3-540-32044-9",
	doi="10.1007/11424826_64"
}


@article{yang08,
	title = {A new framework for the design and analysis of identity-based identification schemes},
	journal = {Theoretical Computer Science},
	volume = {407},
	number = {1},
	pages = {370 - 388},
	year = {2008},
	issn = {0304-3975},
	doi = {10.1016/j.tcs.2008.07.001},
	author = {Guomin Yang and Jing Chen and Duncan S. Wong and Xiaotie Deng and Dongsheng Wang},
	keywords = {Identity-based cryptography, Identification scheme, Passive attack, Active attack, Concurrent attack},
}

@article{chin13,
	doi = {10.1016/j.ipl.2013.04.015},
	year = {2013},
	month = {7},
	publisher = {Elsevier {BV}},
	volume = {113},
	number = {14-16},
	pages = {580--583},
	author = {Ji-Jian Chin and Syh-Yuan Tan and Swee-Huay Heng and Raphael C.-W. Phan},
	title = {On the security of a modified Beth identity-based identification scheme},
	journal = {Information Processing Letters}
}

% booktitle = {Mathematical Methods in Computer Science, {MMICS} 2008, Karlsruhe,
% Germany, December 17-19, 2008 - Essays in Memory of Thomas Beth},
@inproceedings{cresc08,
	author    = {Giovanni Di Crescenzo},
	title     = {On the Security of Beth's Identification Schemes against Active and
	       Concurrent Adversaries},
	booktitle = {Mathematical Methods in Computer Science, {MMICS} 2008, Karlsruhe,
		Germany, December 17-19, 2008},
	pages     = {1--17},
	year      = {2008},
	doi       = {10.1007/978-3-540-89994-5_1},
	timestamp = {Tue, 14 May 2019 10:00:54 +0200},
	biburl    = {https://dblp.org/rec/bib/conf/mmics/Crescenzo08},
	bibsource = {dblp computer science bibliography, https://dblp.org}
}

@InProceedings{careset_pwy09,
	author={Thorncharoensri, Pairat
	and Susilo, Willy
	and Mu, Yi},
	editor={Youm, Heung Youl
	and Yung, Moti},
	title={Identity-Based Identification Scheme Secure against Concurrent-Reset Attacks without Random Oracles},
	booktitle={Information Security Applications},
	year={2009},
	publisher={Springer Berlin Heidelberg},
	address={Berlin, Heidelberg},
	pages={94--108},
	isbn={978-3-642-10838-9}
}

@misc{rom15,
	author = {Neal Koblitz and Alfred Menezes},
	title = {The Random Oracle Model: A Twenty-Year Retrospective},
	howpublished = {Cryptology ePrint Archive, Report 2015/140},
	year = {2015},
	note = {\url{https://eprint.iacr.org/2015/140}},
}


@article{zkp_gmw91,
	author = {Goldreich, Oded and Micali, Silvio and Wigderson, Avi},
	title = {Proofs That Yield Nothing but Their Validity or All Languages in NP Have Zero-knowledge Proof Systems},
	journal = {J. ACM},
	issue_date = {July 1991},
	volume = {38},
	number = {3},
	month = jul,
	year = {1991},
	issn = {0004-5411},
	pages = {690--728},
	numpages = {39},
	url = {http://doi.acm.org/10.1145/116825.116852},
	doi = {10.1145/116825.116852},
	acmid = {116852},
	publisher = {ACM},
	address = {New York, NY, USA},
}

@InProceedings{kt88,
	author={Ohta, Kazuo
	and Okamoto, Taisuaki},
	editor={Goldwasser, Shafi},
	title={A Modification of the Fiat-Shamir Scheme},
	booktitle={Advances in Cryptology --- CRYPTO' 88},
	year={1990},
	publisher={Springer New York},
	address={New York, NY},
	pages={232--243},
	isbn={978-0-387-34799-8}
}

@inproceedings{feige90,
	author = {Feige, U. and Shamir, A.},
	title = {Witness Indistinguishable and Witness Hiding Protocols},
	booktitle = {Proceedings of the Twenty-second Annual ACM Symposium on Theory of Computing},
	series = {STOC '90},
	year = {1990},
	isbn = {0-89791-361-2},
	location = {Baltimore, Maryland, USA},
	pages = {416--426},
	numpages = {11},
	url = {http://doi.acm.org/10.1145/100216.100272},
	doi = {10.1145/100216.100272},
	acmid = {100272},
	publisher = {ACM},
	address = {New York, NY, USA},
}


@InProceedings{pid_sa86,
	author={Fiat, Amos
	and Shamir, Adi},
	editor={Odlyzko, Andrew M.},
	title={How To Prove Yourself: Practical Solutions to Identification and Signature Problems},
	booktitle={Advances in Cryptology --- CRYPTO' 86},
	year={1987},
	publisher={Springer Berlin Heidelberg},
	address={Berlin, Heidelberg},
	pages={186--194},
	isbn={978-3-540-47721-1}
}

@inproceedings{id_sa85,
	 author = {Shamir, Adi},
	 title = {Identity-based Cryptosystems and Signature Schemes},
	 booktitle = {Proceedings of CRYPTO 84 on Advances in Cryptology},
	 year = {1985},
	 isbn = {0-387-15658-5},
	 location = {Santa Barbara, California, USA},
	 pages = {47--53},
	 numpages = {7},
	 url = {http://dl.acm.org/citation.cfm?id=19478.19483},
	 acmid = {19483},
	 publisher = {Springer-Verlag New York, Inc.},
	 address = {New York, NY, USA},
}

@misc{fst_aabn02,
	author = {Michel Abdalla and Jee Hea An and Mihir Bellare and Chanathip Namprempre},
	title = {From Identification to Signatures via the Fiat-Shamir Transform: Minimizing Assumptions for Security and Forward-Security},
	howpublished = {Cryptology ePrint Archive, Report 2002/022},
	year = {2002},
	note = {\url{https://eprint.iacr.org/2002/022}},
}

@inproceedings{id_gq88,
	author = {C. Guillou, Louis and Quisquater, Jean-Jacques},
	year = {1988},
	month = {05},
	pages = {123-128},
	title = {A Practical Zero-Knowledge Protocol Fitted to Security Microprocessor Minimizing Both Transmission and Memory},
	volume = {330},
	doi = {10.1007/3-540-45961-8_11}
}

@article{schnorr90,
	author = {Schnorr, Claus},
	year = {1990},
	month = {01},
	pages = {161-174},
	title = {Efficient signature generation by smart cards},
	volume = {4},
	journal = {Journal of Cryptology},
	doi = {10.1007/BF00196725}
}

@article{cramer_shoup99,
	title={Signature schemes based on the strong RSA assumption},
	author={Ronald Cramer and Victor Shoup},
	journal={IACR Cryptology ePrint Archive},
	year={1999},
	volume={1999},
	pages={1}
}

@inproceedings{oka93,
	  title={Provably Secure and Practical Identification Schemes and Corresponding Signature Schemes},
	  booktitle={Advances in Cryptology - CRYPTO '92, 12th Annual International Cryptology Conference, Santa Barbara, California, USA, August 16-20, 1992, Proceedings},
	  series={Lecture Notes in Computer Science},
	  publisher={Springer},
	  volume={740},
	  pages={31-53},
	  doi={10.1007/3-540-48071-4_3},
	  author={Tatsuaki Okamoto},
	  year={1992}
}

@InProceedings{beth88,
	author={Beth, Thomas},
	title={Efficient Zero-Knowledge Identification Scheme for Smart Cards},
	booktitle={Advances in Cryptology --- EUROCRYPT '88},
	year={1988},
	publisher={Springer Berlin Heidelberg},
	address={Berlin, Heidelberg},
	pages={77--84},
	abstract={In this paper we present a Fiat-Shamir like authentication protocol for the El-Gamal Scheme.},
	isbn={978-3-540-45961-3}
}

@InProceedings{gir90,
	author={Girault, Marc},
	editor={Damg{\aa}rd, Ivan Bjerre},
	title={An identity-based identification scheme based on discrete logarithms modulo a composite number},
	booktitle={Advances in Cryptology --- EUROCRYPT '90},
	year={1991},
	publisher={Springer Berlin Heidelberg},
	address={Berlin, Heidelberg},
	pages={481--486},
	isbn={978-3-540-46877-6}
}

@article{proof_gmr89,
	 author = {Goldwasser, S. and Micali, S. and Rackoff, C.},
	 title = {The Knowledge Complexity of Interactive Proof Systems},
	 journal = {SIAM J. Comput.},
	 issue_date = {Feb. 1989},
	 volume = {18},
	 number = {1},
	 month = {2},
	 year = {1989},
	 issn = {0097-5397},
	 pages = {186--208},
	 numpages = {23},
	 url = {http://dx.doi.org/10.1137/0218012},
	 doi = {10.1137/0218012},
	 acmid = {63434},
	 publisher = {Society for Industrial and Applied Mathematics},
	 address = {Philadelphia, PA, USA},
}

@article{sok00,
	author={R, Sakai and K, Ohgishi and M, Kasahara},
	journal={Symposium on Cryptography and Information Security},
	title={Cryptosystems based on Pairing},
	year={2000},
	keywords={Cryptography,Pairing},
	month={1},
	location = {Okinawa, Japan}
}

@article{ndc_dh76,
	author={W. Diffie and M. Hellman},
	journal={IEEE Transactions on Information Theory},
	title={New directions in cryptography},
	year={1976},
	volume={22},
	number={6},
	pages={644-654},
	keywords={Cryptography},
	doi={10.1109/TIT.1976.1055638},
	ISSN={0018-9448},
	month={11}
}

@inproceedings{strongsig06,
	author = {Boneh, Dan and Shen, Emily and Waters, Brent},
	year = {2006},
	month = {04},
	pages = {229-240},
	title = {Strongly Unforgeable Signatures Based on Computational Diffie-Hellman},
	volume = {3958},
	doi = {10.1007/11745853_15}
}

@misc{cryptoeprint:2000:025,
	author = {Mihir Bellare and Chanathip Namprempre},
	title = {Authenticated Encryption: Relations among notions and analysis of the generic composition paradigm},
	howpublished = {Cryptology ePrint Archive, Report 2000/025},
	year = {2000},
	note = {\url{https://eprint.iacr.org/2000/025}},
}

@phdthesis{heng_thesis04,
	author={Heng, Swee-Huay},
	title={Design and Analysis of some cryptographic primitives},
	booktitle={Public Key Cryptography -- PKC 2004},
	school={Graduate School of Science and Engineering, Tokyo Institute of Technology},
	year={2004},
	address={Tokyo, Japan}
}

% BOOKS %
@book{handbook_applied96,
	edition={5},
	title={Handbook of applied cryptography},
	publisher={CRC Press},
	author={Menezes, Alfred and Oorschot, Paul C. van and Vanstone, Scott A.},
	pages={385-424},
	isbn={0-8493-8523-7},
	year={1996},
	month = {oct}
}

@book{mao03,
	title={Modern Cryptography},
	publisher={Prentice Hall},
	author={Mao, Wenbo},
	edition={1},
	year={2003},
	month= aug,
	isbn={978-0132887410}
}

@book{sipser,
	title={Introduction to the Theory of Computation},
	publisher={Course Technology},
	author={Michael, Sipser},
	edition={2},
	year={2005},
	month= {2},
	isbn={9780534950972}
}

%% CODING THEORY %%

@InProceedings{coding01,
	author="Stern, Jacques",
	editor="Stinson, Douglas R.",
	title="A new identification scheme based on syndrome decoding",
	booktitle="Advances in Cryptology --- CRYPTO' 93",
	year="1994",
	publisher="Springer Berlin Heidelberg",
	address="Berlin, Heidelberg",
	pages="13--21",
	isbn="978-3-540-48329-8",
	doi="10.1007/3-540-48329-2_2",
}


@article{coding07,
	author = {Cayrel, Pierre-Louis and Gaborit, Philippe and Girault, Marc},
	year = {2007},
	month = {02},
	pages = {},
	title = {Identity-based identification and signature schemes using correcting codes},
	volume = {2},
	doi = {10.3233/978-1-58603-947-9-119}
}

@article{coding14,
title = "Identity based identification from algebraic coding theory",
journal = "Theoretical Computer Science",
volume = "520",
pages = "51 - 61",
year = "2014",
issn = "0304-3975",
doi = "https://doi.org/10.1016/j.tcs.2013.09.008",
author = "Guomin Yang and Chik How Tan and Yi Mu and Willy Susilo and Duncan S. Wong",
keywords = "Identity based cryptography, Identification, Error-correcting codes, Syndrome decoding",
}

%% INSECURE TYPE 1 PAIRINGS %%
@misc{gora14,
    author = {Gora Adj and Alfred Menezes and Thomaz Oliveira and Francisco RodrÃ­guez-HenrÃ­quez},
    title = {Computing Discrete Logarithms in  $F_{3^{6*137}}$ and  $F_{3^{6*163}}$  using Magma},
    howpublished = {Cryptology ePrint Archive, Report 2014/057},
    year = {2014},
    note = {\url{https://eprint.iacr.org/2014/057}},
}

@InProceedings{granger14,
	author="Granger, Robert
	and Kleinjung, Thorsten
	and Zumbr{\"a}gel, Jens",
	editor="Garay, Juan A.
	and Gennaro, Rosario",
	title="Breaking `128-bit Secure' Supersingular Binary Curves",
	booktitle="Advances in Cryptology -- CRYPTO 2014",
	year="2014",
	publisher="Springer Berlin Heidelberg",
	address="Berlin, Heidelberg",
	pages="126--145",
	isbn="978-3-662-44381-1"
}

@misc{galbraith06,
    author = {S.D. Galbraith and K.G. Paterson and N.P. Smart},
    title = {Pairings for Cryptographers},
    howpublished = {Cryptology ePrint Archive, Report 2006/165},
    year = {2006},
    note = {\url{https://eprint.iacr.org/2006/165}},
}

%% TOOLS %%
@misc{proverif05,
	title={A Computationally Sound Mechanized Prover for Security Protocols},
	booktitle={IACR Eprint archive},
	keywords={cryptographic protocols /},
	url={http://eprint.iacr.org/2005/401},
	note={A short version of this paper appears at IEEE Symposium on Security and Privacy, Oakland, 2006. This is the full version. blanchet@di.ens.fr 13546 received 7 Nov 2005, last revised 2 Feb 2007},
	author={Bruno Blanchet},
	year={2005}
}

@inproceedings{scyther08,
	author = {J. F. Cremers, Cas},
	year = {2008},
	month = {07},
	pages = {414-418},
	title = {The Scyther Tool: Verification, Falsification, and Analysis of Security Protocols},
	volume = {5123},
	doi = {10.1007/978-3-540-70545-1_38}
}

@misc{lynn_2019,
	title={PBC Library - Pairing-Based Cryptography - About},
	url={https://crypto.stanford.edu/pbc/},
	journal={Crypto.stanford.edu},
	author={Lynn, Ben},
	year={2019}
}
